@Dataset{Dataset.Eurostat.InvestmentByInstitutionalSectors.2022,
  author     = {{Eurostat}},
  title      = {Investment by institutional sectors},
  doi        = {10.2908/TEC00132},
  titleaddon = {Bruttoanlageninvestitionen (BAI) in Prozent des BIP},
  publisher  = {Eurostat},
  year       = {2022},
}

@Book{Book.EJR.CARBONCAPTUREUTILISATIONANDSTORAGEINTHEEUROPEANUNION.2023,
  author    = {{European Commission. Joint Research Centre.}},
  date      = {2023},
  title     = {CARBON CAPTURE UTILISATION AND STORAGE IN THE EUROPEAN UNION},
  doi       = {10.2760/882666},
  publisher = {Publications Office},
  subtitle  = {STATUS REPORT ON TECHNOLOGYDEVELOPMENT, TRENDS, VALUE CHAINS \& MARKETS},
  place     = {LU},
}

@Dataset{Dataset.Eurostat.EnergyStatisticsNaturalGasAndElectricityPricesfrom2007Onwards.2024,
  author       = {Eurostat},
  date         = {2024-07-29},
  title        = {Energy statistics - natural gas and electricity prices (from 2007 onwards)},
  howpublished = {Online},
  location     = {https://ec.europa.eu/eurostat/web/energy/overview},
}

@Comment{jabref-meta: databaseType:biblatex;}

ï»¿%
